%YAML 1.1
%TAG !u! tag:unity3d.com,2011:
--- !u!1 &8668454391170866466
GameObject:
  m_ObjectHideFlags: 0
  m_CorrespondingSourceObject: {fileID: 0}
  m_PrefabInstance: {fileID: 0}
  m_PrefabAsset: {fileID: 0}
  serializedVersion: 6
  m_Component:
  - component: {fileID: 8668454391170866469}
  m_Layer: 0
  m_Name: Open door once by fire
  m_TagString: Untagged
  m_Icon: {fileID: 0}
  m_NavMeshLayer: 0
  m_StaticEditorFlags: 0
  m_IsActive: 1
--- !u!4 &8668454391170866469
Transform:
  m_ObjectHideFlags: 0
  m_CorrespondingSourceObject: {fileID: 0}
  m_PrefabInstance: {fileID: 0}
  m_PrefabAsset: {fileID: 0}
  m_GameObject: {fileID: 8668454391170866466}
  m_LocalRotation: {x: -0, y: -0, z: -0, w: 1}
  m_LocalPosition: {x: 59.7, y: -3.05, z: 0.63}
  m_LocalScale: {x: 0.3, y: 0.3, z: 0.3}
  m_Children:
  - {fileID: 6084272029389118875}
  - {fileID: 2676072214831872304}
  m_Father: {fileID: 0}
  m_RootOrder: 0
  m_LocalEulerAnglesHint: {x: 0, y: 0, z: 0}
--- !u!1001 &8668454390167217966
PrefabInstance:
  m_ObjectHideFlags: 0
  serializedVersion: 2
  m_Modification:
    m_TransformParent: {fileID: 8668454391170866469}
    m_Modifications:
    - target: {fileID: 2336178062774402071, guid: 0c975bc511c0bb94bb7ea0e13c896618,
        type: 3}
      propertyPath: m_Name
      value: Cage Door Vertical
      objectReference: {fileID: 0}
    - target: {fileID: 3180425876328348341, guid: 0c975bc511c0bb94bb7ea0e13c896618,
        type: 3}
      propertyPath: m_LocalPosition.x
      value: 16.12
      objectReference: {fileID: 0}
    - target: {fileID: 3180425876328348341, guid: 0c975bc511c0bb94bb7ea0e13c896618,
        type: 3}
      propertyPath: m_LocalPosition.y
      value: -0.1
      objectReference: {fileID: 0}
    - target: {fileID: 3180425876328348341, guid: 0c975bc511c0bb94bb7ea0e13c896618,
        type: 3}
      propertyPath: m_LocalPosition.z
      value: 0.56
      objectReference: {fileID: 0}
    - target: {fileID: 3180425876328348341, guid: 0c975bc511c0bb94bb7ea0e13c896618,
        type: 3}
      propertyPath: m_LocalRotation.x
      value: -0
      objectReference: {fileID: 0}
    - target: {fileID: 3180425876328348341, guid: 0c975bc511c0bb94bb7ea0e13c896618,
        type: 3}
      propertyPath: m_LocalRotation.y
      value: -0
      objectReference: {fileID: 0}
    - target: {fileID: 3180425876328348341, guid: 0c975bc511c0bb94bb7ea0e13c896618,
        type: 3}
      propertyPath: m_LocalRotation.z
      value: -0
      objectReference: {fileID: 0}
    - target: {fileID: 3180425876328348341, guid: 0c975bc511c0bb94bb7ea0e13c896618,
        type: 3}
      propertyPath: m_LocalRotation.w
      value: 1
      objectReference: {fileID: 0}
    - target: {fileID: 3180425876328348341, guid: 0c975bc511c0bb94bb7ea0e13c896618,
        type: 3}
      propertyPath: m_RootOrder
      value: 0
      objectReference: {fileID: 0}
    - target: {fileID: 3180425876328348341, guid: 0c975bc511c0bb94bb7ea0e13c896618,
        type: 3}
      propertyPath: m_LocalEulerAnglesHint.x
      value: 0
      objectReference: {fileID: 0}
    - target: {fileID: 3180425876328348341, guid: 0c975bc511c0bb94bb7ea0e13c896618,
        type: 3}
      propertyPath: m_LocalEulerAnglesHint.y
      value: 0
      objectReference: {fileID: 0}
    - target: {fileID: 3180425876328348341, guid: 0c975bc511c0bb94bb7ea0e13c896618,
        type: 3}
      propertyPath: m_LocalEulerAnglesHint.z
      value: 0
      objectReference: {fileID: 0}
    - target: {fileID: 5960574297809820253, guid: 0c975bc511c0bb94bb7ea0e13c896618,
        type: 3}
      propertyPath: _collider
      value: 
      objectReference: {fileID: 4269101316360674021}
    - target: {fileID: 2286689872187582838, guid: 0c975bc511c0bb94bb7ea0e13c896618,
        type: 3}
      propertyPath: m_IsActive
      value: 1
      objectReference: {fileID: 0}
    - target: {fileID: 5409998878547850081, guid: 0c975bc511c0bb94bb7ea0e13c896618,
        type: 3}
      propertyPath: m_Enabled
      value: 0
      objectReference: {fileID: 0}
    - target: {fileID: 4860066040522161611, guid: 0c975bc511c0bb94bb7ea0e13c896618,
        type: 3}
      propertyPath: m_Enabled
      value: 1
      objectReference: {fileID: 0}
    - target: {fileID: 4860066040522161611, guid: 0c975bc511c0bb94bb7ea0e13c896618,
        type: 3}
      propertyPath: m_IsTrigger
      value: 0
      objectReference: {fileID: 0}
    m_RemovedComponents:
    - {fileID: 5409998878547850081, guid: 0c975bc511c0bb94bb7ea0e13c896618, type: 3}
  m_SourcePrefab: {fileID: 100100000, guid: 0c975bc511c0bb94bb7ea0e13c896618, type: 3}
--- !u!1 &6352130209196399417 stripped
GameObject:
  m_CorrespondingSourceObject: {fileID: 2336178062774402071, guid: 0c975bc511c0bb94bb7ea0e13c896618,
    type: 3}
  m_PrefabInstance: {fileID: 8668454390167217966}
  m_PrefabAsset: {fileID: 0}
--- !u!4 &6084272029389118875 stripped
Transform:
  m_CorrespondingSourceObject: {fileID: 3180425876328348341, guid: 0c975bc511c0bb94bb7ea0e13c896618,
    type: 3}
  m_PrefabInstance: {fileID: 8668454390167217966}
  m_PrefabAsset: {fileID: 0}
--- !u!61 &4269101316360674021 stripped
BoxCollider2D:
  m_CorrespondingSourceObject: {fileID: 4860066040522161611, guid: 0c975bc511c0bb94bb7ea0e13c896618,
    type: 3}
  m_PrefabInstance: {fileID: 8668454390167217966}
  m_PrefabAsset: {fileID: 0}
--- !u!1001 &8668454390950879375
PrefabInstance:
  m_ObjectHideFlags: 0
  serializedVersion: 2
  m_Modification:
    m_TransformParent: {fileID: 8668454391170866469}
    m_Modifications:
    - target: {fileID: 6732838387651566015, guid: d4d6586411650ba498012247dfc2a009,
        type: 3}
      propertyPath: m_LocalPosition.x
      value: 4.6
      objectReference: {fileID: 0}
    - target: {fileID: 6732838387651566015, guid: d4d6586411650ba498012247dfc2a009,
        type: 3}
      propertyPath: m_LocalPosition.y
      value: -4.79
      objectReference: {fileID: 0}
    - target: {fileID: 6732838387651566015, guid: d4d6586411650ba498012247dfc2a009,
        type: 3}
      propertyPath: m_LocalPosition.z
      value: 0
      objectReference: {fileID: 0}
    - target: {fileID: 6732838387651566015, guid: d4d6586411650ba498012247dfc2a009,
        type: 3}
      propertyPath: m_LocalRotation.x
      value: 0
      objectReference: {fileID: 0}
    - target: {fileID: 6732838387651566015, guid: d4d6586411650ba498012247dfc2a009,
        type: 3}
      propertyPath: m_LocalRotation.y
      value: 0
      objectReference: {fileID: 0}
    - target: {fileID: 6732838387651566015, guid: d4d6586411650ba498012247dfc2a009,
        type: 3}
      propertyPath: m_LocalRotation.z
      value: 0
      objectReference: {fileID: 0}
    - target: {fileID: 6732838387651566015, guid: d4d6586411650ba498012247dfc2a009,
        type: 3}
      propertyPath: m_LocalRotation.w
      value: 1
      objectReference: {fileID: 0}
    - target: {fileID: 6732838387651566015, guid: d4d6586411650ba498012247dfc2a009,
        type: 3}
      propertyPath: m_RootOrder
      value: 1
      objectReference: {fileID: 0}
    - target: {fileID: 6732838387651566015, guid: d4d6586411650ba498012247dfc2a009,
        type: 3}
      propertyPath: m_LocalEulerAnglesHint.x
      value: 0
      objectReference: {fileID: 0}
    - target: {fileID: 6732838387651566015, guid: d4d6586411650ba498012247dfc2a009,
        type: 3}
      propertyPath: m_LocalEulerAnglesHint.y
      value: 0
      objectReference: {fileID: 0}
    - target: {fileID: 6732838387651566015, guid: d4d6586411650ba498012247dfc2a009,
        type: 3}
      propertyPath: m_LocalEulerAnglesHint.z
      value: 0
      objectReference: {fileID: 0}
    - target: {fileID: 6732838387651566014, guid: d4d6586411650ba498012247dfc2a009,
        type: 3}
      propertyPath: m_Name
      value: Enviroment Input Fire Pillow
      objectReference: {fileID: 0}
    - target: {fileID: 6732838387651566010, guid: d4d6586411650ba498012247dfc2a009,
        type: 3}
      propertyPath: _linkedObject.Array.data[0]
      value: 
      objectReference: {fileID: 6352130209196399417}
    - target: {fileID: 6732838387651566010, guid: d4d6586411650ba498012247dfc2a009,
        type: 3}
      propertyPath: _activateOnce
      value: 1
      objectReference: {fileID: 0}
    m_RemovedComponents: []
  m_SourcePrefab: {fileID: 100100000, guid: d4d6586411650ba498012247dfc2a009, type: 3}
--- !u!4 &2676072214831872304 stripped
Transform:
  m_CorrespondingSourceObject: {fileID: 6732838387651566015, guid: d4d6586411650ba498012247dfc2a009,
    type: 3}
  m_PrefabInstance: {fileID: 8668454390950879375}
  m_PrefabAsset: {fileID: 0}
